
@article{human-compat,
title={Towards effective case-based decision support with human-compatible representations},
author={Liu, Han and \textbf{Tian},  \textbf{Yizhou} and Chen, Chacha and Feng, Shi and Chen, Yuxin and Tan, Chenhao},
journal={Proceedings of the 1st ICML 2022 Workshop on Human-Machine Collaboration and Teaming},
year={2022}
}



@inproceedings{bansal2021,
author = {Bansal, Gagan and Wu, Tongshuang and Zhou, Joyce and Fok, Raymond and Nushi, Besmira and Kamar, Ece and Ribeiro, Marco Tulio and Weld, Daniel},
title = {Does the Whole Exceed Its Parts? The Effect of AI Explanations on Complementary Team Performance},
year = {2021},
isbn = {9781450380966},
publisher = {Association for Computing Machinery},
address = {New York, NY, USA},
url = {https://doi.org/10.1145/3411764.3445717},
doi = {10.1145/3411764.3445717},
booktitle = {Proceedings of the 2021 CHI Conference on Human Factors in Computing Systems},
articleno = {81},
numpages = {16},
keywords = {Augmented intelligence, Explainable AI, Human-AI teams},
location = {Yokohama, Japan},
series = {CHI '21}
}


@article{green2021,
	title = {Algorithmic Risk Assessments Can Alter Human Decision-Making Processes in High-Stakes Government Contexts},
	volume = {5},
	issn = {2573-0142},
	url = {https://dl.acm.org/doi/10.1145/3479562},
	doi = {10.1145/3479562},
	number = {CSCW2},
	journal = {Proceedings of the ACM on Human-Computer Interaction},
	author = {Green, Ben and Chen, Yiling},
	month = oct,
	year = {2021},
	pages = {1--33},
}


@article{bucinca2021,
	title = {To Trust or to Think: Cognitive Forcing Functions Can Reduce Overreliance on AI in AI-assisted Decision-making},
	volume = {5},
	issn = {2573-0142},
	url = {http://arxiv.org/abs/2102.09692},
	doi = {10.1145/3449287},
	number = {CSCW1},
	journal = {Proceedings of the ACM on Human-Computer Interaction},
	author = {Buçinca, Zana and Malaya, Maja Barbara and Gajos, Krzysztof Z.},
	month = apr,
	year = {2021},
	pages = {1--21},
}


@article{yacoby2022, 
    title={“If it didn't happen, why would I change my decision?”: How Judges Respond to Counterfactual Explanations for the Public Safety Assessment}, 
    volume={10}, 
    url={https://ojs.aaai.org/index.php/HCOMP/article/view/22001}, 
    DOI={10.1609/hcomp.v10i1.22001}, 
    number={1}, 
    journal={Proceedings of the AAAI Conference on Human Computation and Crowdsourcing}, 
    author={Yacoby, Yaniv and Green, Ben and Griffin Jr., Christopher L. and Doshi-Velez, Finale}, 
    year={2022}, 
    month={Oct.}, 
    pages={219-230} }


@article{guerdan2022,
	title = {Under-reliance or misalignment? How proxy outcomes limit measurement of appropriate reliance in AI-assisted decision-making},
	author = {Guerdan, Luke and Holstein, Kenneth and Wu, Zhiwei Steven},
    journal={CHI TRAIT '22: Workshop on Trust and Reliance in AI-Human Teams},
    year={2022},
}
